

@article{Analysis,
	title = {Algorithm Approaches to Playing Minesweeper},
	author = {Becerra, Dvaid J},
	year = {2015},
	journal = {Harvard College},
	howpublished = {\url{https://nrs.harvard.edu/urn-3:HUL.InstRepos:14398552}}
}

@article{coNP,
	title = {Miniesweeper is NP-Complete},
	author = {Mordechai Ben-Ari},
	year = {2018},
	journal = {Weizmann Institude if Science, Department of Science Teaching},
	howpublished = {\url{https:/www.weizmann.ac.il/sci-tea/benari}}
}
